@inproceedings{BackCache,
    author = {Quancheng Whang},
    title = {BackCache: Mitigating Contention-Based Cache Timing Attacks by Hiding Cache Line Evictions},
    pages = {1-15},
    address = {Wuhan, 430072, China},
    organization = {Wuhan University},
    year = {2024},
    month = {March},
}

@book{HennyPatt},
    title = {Arquitectura de Computadores \, Un enfoque cuantitativo},
    author = {John L. Henessy & David A. Patterson}
    publisher = {McGrawHill},
    year = {1993},
}

